@MASTERSTHESIS{Alcalde2000,
  author = {S. Alcalde},
  title = {Instrumentación de un vehículo eléctrico para una conducción autónoma},
  school = {Universidad Politécnica de Madrid},
  year = {2000},
  type = {Tesis de Máster},
  timestamp = {2010.11.02}
}

@ARTICLE{jones_k,
  author = {Jones, W. D.},
  title = {Keeping cars from crashing},
  journal = {IEEE Spectrum},
  year = {2001},
  volume = {38},
  pages = {40--45},
  number = {9},
  doi = {10.1109/6.946636},
  timestamp = {2009.10.23}
}

@ARTICLE{larsen,
  author = {Larsen, M. and others},
  title = {{Industrial applications of fuzzy logic control}},
  journal = {International Journal of Man-Machine Studies},
  year = {1980},
  volume = {12},
  pages = {3--10},
  number = {1},
  issn = {0020-7373},
  publisher = {Elsevier}
}

@ARTICLE{king,
  author = {King, PJ and Mamdani, EH},
  title = {{The application of fuzzy control systems to industrial processes}},
  journal = {Automatica},
  year = {1977},
  volume = {13},
  pages = {235--242},
  number = {3},
  owner = {Quique},
  publisher = {Elsevier},
  timestamp = {2010.04.14}
}

@BOOK{ross,
  title = {{Fuzzy logic with engineering applications}},
  publisher = {John Wiley \& Sons Inc},
  year = {2004},
  author = {Ross, T.J.},
  isbn = {0470860758}
}

@ARTICLE{zadeh1965fuzzy,
  author = {Zadeh, L.A.},
  title = {{Fuzzy sets}},
  journal = {Information and control},
  year = {1965},
  volume = {8},
  pages = {338--353},
  number = {3},
  owner = {Quique},
  publisher = {Elsevier},
  timestamp = {2010.04.14}
}

@ARTICLE{Garcia1998,
  author = {García, R. and de Pedro, T.},
  title = {Modeling a fuzzy coprocessor and its programming language},
  journal = {Mathware and Soft Computing},
  year = {1998},
  volume = {5(2-3)},
  pages = {167-174},
  owner = {Administrador},
  timestamp = {2009.05.05}
}

@Article{angelov04,
author = {Angelov, P.},
title = {A Fuzzy Controller with Evolving Structure},
journal = {Information Science},
year = {2004},
OPTkey = {•},
OPTvolume = {161},
OPTnumber = {•},
OPTpages = {21-35},
OPTmonth = {•},
OPTnote = {•},
OPTannote = {•}
}




@InProceedings{angelov02,
author = {Angelov, P. and Filev, D.},
title = {Flexible Models with Evolving Structure},
booktitle = {2002 First International IEEE Symposium },
OPTcrossref = {•},
OPTkey = {•},
OPTpages = {28-33},
OPTyear = {2002},
OPTeditor = {•},
OPTvolume = {2},
OPTnumber = {•},
OPTseries = {•},
OPTaddress = {•},
OPTmonth = {•},
OPTorganization = {•},
OPTpublisher = {•},
OPTnote = {•},
OPTannote = {•}
}

@ARTICLE{Milanes2008b,
  author = {Milanés, V. and Naranjo, J.E. and González, C. and García, R. and
	de Pedro, T.},
  title = {Sistema de Posicionamiento para Vehículos Autónomos},
  journal = {Revista Iberoamericana de Automática e Informática Industrial},
  year = {2008},
  volume = {5},
  pages = {36-41},
  number = {4},
}

@ARTICLE{Milanes2008a,
  author = {Milanés, V. and Naranjo, J. E. and Gonzánez, C. and Alonso, J. and
	de Pedro, T.},
  title = {Autonomous Vehicle based in Cooperative GPS and Inertial Systems},
  journal = {ROBOTICA},
  year = {2008},
  volume = {26},
  pages = {627-633},
  timestamp = {2009.06.09}
}

@INPROCEEDINGS{GodoyBilbao2010,
  author = {Godoy, J. and Milanés, V. and Pérez, J. and Villagrá, J. and De Pedro,
	T. and González C.},
  title = {Implementación de un sistema de localización para vehículos sin conductor},
  booktitle = {Seminario Anual de Automática, Electrónica Industrial e Intrumentación},
  year = {2010}
}

@ARTICLE{Milanes2010,
  author = {Milanés, V. and González, C. and Naranjo, J.E. and Onieva, E. and
	De Pedro, T.},
  title = {Electro-Hydraulic Braking System for Autonomous Vehicles},
  journal = {International Journal of Automotive Technology},
  year = {2010},
  volume = {1},
  pages = {89-95},
  number = {11},
  month = {Feb},
  owner = {Javi},
  timestamp = {2010.03.11}
}

@Article{online,
author = {Belén, A. and Pomares, H. and Rojas, I. and Lendek, Z. and Babuska, R.},
title = {Online self-evolving fuzzy controller with global learning capabilities},
journal = {Evolving Systems},
year = {2010},
OPTkey = {•},
OPTvolume = {1},
OPTnumber = {225-239},
OPTpages = {•},
OPTmonth = {•},
OPTnote = {•},
OPTannote = {•}
}

@Article{two,
author = {Pomares, H. and Rojas, I. and González, F. and Rojas, F. and Damas, M. Fernaández, F.J.},
title = {A two-stage approach to self-learning direct fuzzy controllers},
journal = {International Journal of Approximate Reasoning },
year = {2002},
OPTkey = {•},
OPTvolume = {29},
OPTnumber = {•},
OPTpages = {267-289},
OPTmonth = {•},
OPTnote = {•},
OPTannote = {•}
}

@Article{adaptive,
author = {Rojas, I. and Pomares, H. Gonzalez, J. and Herrera L.J. and Guillen, A. and Rojas, F. and Valenzuela, O.},
title = {Adaptive fuzzy controller: Application to the control of the temperature of a dynamic room in real time},
journal = {Fuzzy Sets and Systems},
year = {2006},
OPTkey = {•},
OPTvolume = {157},
OPTnumber = {•},
OPTpages = {2241-2258},
OPTmonth = {•},
OPTnote = {•},
OPTannote = {•}
}

@InProceedings{servo,
author = {Belén, A. and Pomares, H. and Rojas, I. and Lendek, Z. and Babuska, R.},
title = {Online self-organizing adaptive fuzzy controller: application to a nonlinear servo system},
booktitle = {IEEE World Congress on Computational Intelligence},
OPTcrossref = {•},
OPTkey = {•},
OPTpages = {*},
OPTyear = {2010},
OPTeditor = {•},
OPTvolume = {•},
OPTnumber = {•},
OPTseries = {•},
OPTaddress = {Barcelona, España.},
OPTmonth = {•},
OPTorganization = {•},
OPTpublisher = {•},
OPTnote = {•},
OPTannote = {•}
}

@INPROCEEDINGS{milanesCl,
  author = {V. Milanés and D.F. LLorca and B. Vinagre and C. González and M.A.
	Sotelo},
  title = {Clavileño: Evolution of an Autonomous Car},
  booktitle = {Proc. of 13th International IEEE Conference on Intelligent Transportation
	Systems},
  year = {2010},
  owner = {Vicente},
  timestamp = {2010.04.29}
}

@misc{car,
	author= "Centro de Automática y Robótica",
	howpublished = "http://www.car.upm-csic.es/"
}

@misc{utopia,
	author= "Programa Autopía",
	howpublished = "http://www.car.upm-csic.es/autopia/"
}



